Unnamed: 0_x,fiscalDateEnding,reportedCurrency,grossProfit,totalRevenue,costOfRevenue,costofGoodsAndServicesSold,operatingIncome,sellingGeneralAndAdministrative,researchAndDevelopment,operatingExpenses,investmentIncomeNet,netInterestIncome,interestIncome,interestExpense,nonInterestIncome,otherNonOperatingIncome,depreciation,depreciationAndAmortization,incomeBeforeTax,incomeTaxExpense,interestAndDebtExpense,netIncomeFromContinuingOperations,comprehensiveIncomeNetOfTax,ebit,ebitda,netIncome,Unnamed: 0_y,reportedDate,reportedEPS,estimatedEPS,surprise,surprisePercentage,reportTime,quarter,EPS_YOY_pct_change,revenue_YOY_pct_change,netIncome_YOY_pct_change,netProfitMargin,netProfitMargin_YOY_pct_change
0,2024-09-30,USD,2628000000,11188000000,8560000000,6761000000,1061000000,1726000000,774000000,2573000000,195000000.0,52000000.0,195000000.0,128000000,25000000.0,-33000000,,73000000,2770000000,158000000,143000000.0,2599000000.0,2667000000,1061000000,2971000000,2612000000,0.0,2024-10-31,1.2,0.41,0.79,192.6829,pre-market,2024Q3,+1100.0,+20.0,+1082.0,0.23346442617089738,+882.0
1,2024-06-30,USD,2341000000,10700000000,8359000000,6488000000,796000000,1801000000,760000000,2631000000,176000000.0,37000000.0,176000000.0,128000000,-83000000.0,-6000000,,70000000,1072000000,57000000,139000000.0,1008000000.0,973000000,796000000,1270000000,1015000000,1.0,2024-08-06,0.47,0.31,0.16,51.6129,pre-market,2024Q2,+161.0,+16.0,+158.0,0.09485981308411215,+122.0
2,2024-03-31,USD,1752000000,10131000000,8379000000,6168000000,172000000,2126000000,790000000,3027000000,159000000.0,-124000000.0,159000000.0,124000000,-164000000.0,48000000,,85000000,-625000000,29000000,124000000.0,-663000000.0,-670000000,-501000000,-416000000,-654000000,2.0,2024-05-08,-0.31,0.23,-0.54,-234.7826,pre-market,2024Q1,+287.0,+15.0,+317.0,-0.06455433816997334,+263.0
3,2023-12-31,USD,2065000000,9936000000,7871000000,6057000000,652000000,1538000000,784000000,2627000000,160000000.0,-155000000.0,160000000.0,155000000,77000000.0,-36000000,,276000000,1562000000,133000000,155000000.0,1700000000.0,1488000000,1717000000,1993000000,1429000000,3.0,2024-02-07,0.66,0.17,0.49,288.2353,pre-market,2023Q4,+128.0,+15.0,+140.0,0.14382045088566828,+108.0
4,2023-09-30,USD,1990000000,9292000000,7302000000,5626000000,394000000,1587000000,797000000,2473000000,130000000.0,-166000000.0,166000000.0,166000000,-92000000.0,6000000,,89000000,181000000,-40000000,166000000.0,219000000.0,184000000,347000000,436000000,221000000,4.0,2023-11-07,0.1,0.12,-0.02,-16.6667,pre-market,2023Q3,-116.0,+11.0,-118.0,0.02378390012914335,-116.0
5,2023-06-30,USD,1915000000,9230000000,7315000000,5515000000,326000000,1709000000,808000000,2608000000,107000000.0,-144000000.0,144000000.0,144000000,-73000000.0,-147000000,,91000000,459000000,65000000,144000000.0,394000000.0,549000000,603000000,694000000,394000000,5.0,2023-08-01,0.18,-0.01,0.19,1900.0,pre-market,2023Q2,-114.0,+14.0,-115.0,0.04268689057421452,-113.0
6,2023-03-31,USD,1266000000,8823000000,7557000000,5259000000,-262000000,2204000000,775000000,3093000000,87000000.0,-168000000.0,168000000.0,168000000,-94000000.0,-21000000,,94000000,-102000000,55000000,168000000.0,-157000000.0,-312000000,66000000,160000000,-157000000,6.0,2023-05-02,-0.08,-0.09,0.01,11.1111,pre-market,2023Q1,-56.0,+29.0,-97.0,-0.017794400997393177,-98.0
7,2022-12-31,USD,1105000000,8607000000,7502000000,5307000000,-142000000,1867000000,747000000,2980000000,73000000.0,-151000000.0,603000000.0,151000000,-71000000.0,2000000,,300000000,511000000,-84000000,151000000.0,600000000.0,562000000,662000000,962000000,595000000,7.0,2023-02-08,0.29,-0.18,0.47,261.1111,pre-market,2022Q4,-212.0,+49.0,-33.0,0.06912977808760311,-55.0
8,2022-09-30,USD,983000000,8343000000,7360000000,5173000000,-495000000,2061000000,760000000,2947000000,38000000.0,-146000000.0,706000000.0,146000000,-48000000.0,1000000,,126000000,-1148000000,58000000,146000000.0,-1204000000.0,-911000000,-1002000000,-876000000,-1206000000,8.0,2022-11-01,-0.61,-0.22,-0.39,-177.2727,pre-market,2022Q3,+177.0,+72.0,-50.0,-0.14455231930960086,-71.0
9,2022-06-30,USD,712000000,8073000000,7361000000,5153000000,-713000000,2069000000,704000000,2912000000,17000000.0,-139000000.0,17000000.0,139000000,-38000000.0,5000000,,139000000,-2524000000,77000000,139000000.0,-2616000000.0,-2801000000,-2385000000,-2246000000,-2601000000,9.0,2022-08-02,-1.33,-0.26,-1.07,-411.5385,pre-market,2022Q2,+600.0,+105.0,-327.0,-0.3221850613154961,-211.0
10,2022-03-31,USD,607000000,6854000000,6247000000,4026000000,-482000000,1895000000,587000000,2826000000,11000000.0,-129000000.0,11000000.0,129000000,10000000.0,-7000000,,144000000,-6162000000,-232000000,129000000.0,-5918000000.0,-5911000000,-6033000000,-5889000000,-5930000000,10.0,2022-05-04,-0.18,-0.24,0.06,25.0,pre-market,2022Q1,-169.0,+136.0,+5391.0,-0.8651882112634958,+2226.0
11,2021-12-31,USD,512000000,5778000000,5266000000,3104000000,-550000000,1873000000,558000000,2754000000,9000000.0,-130000000.0,9000000.0,130000000,384000000.0,-120000000,,189000000,795000000,-97000000,130000000.0,879000000.0,-800000000,925000000,1114000000,892000000,11.0,2022-02-09,-0.26,-0.35,0.09,25.7143,post-market,2021Q4,-52.0,+83.0,-192.0,0.15437867774316372,-150.0
12,2021-09-30,USD,456000000,4845000000,4389000000,2438000000,-572000000,1793000000,493000000,2444000000,10000000.0,-123000000.0,10000000.0,123000000,-13000000.0,202000000,,158000000,-2525000000,-101000000,123000000.0,-2439000000.0,-1937000000,-2402000000,-2244000000,-2424000000,12.0,2021-11-04,-0.22,-0.3,0.08,26.6667,post-market,2021Q3,-65.0,+72.0,+123.0,-0.5003095975232198,+29.0
13,2021-06-30,USD,-207000000,3929000000,4136000000,2099000000,-1188000000,1872000000,488000000,2525000000,13000000.0,-115000000.0,13000000.0,115000000,0.0,18000000,,165000000,665000000,-479000000,115000000.0,1112000000.0,1171000000,780000000,945000000,1144000000,13.0,2021-08-04,-0.19,-0.51,0.32,62.7451,post-market,2021Q2,-76.0,+105.0,-164.0,0.2911682361924154,-131.0
14,2021-03-31,USD,-534000000,2903000000,3437000000,1710000000,-1524000000,1567000000,515000000,2265000000,5000000.0,-115000000.0,5000000.0,115000000,-25000000.0,-17000000,,144000000,77000000,185000000,115000000.0,-122000000.0,1081000000,192000000,336000000,-108000000,14.0,2021-05-05,0.26,-0.54,0.8,148.1481,post-market,2021Q1,-141.0,-11.0,-96.0,-0.03720289355838787,-96.0
15,2020-12-31,USD,14000000,3165000000,2212000000,502000000,-877000000,1569000000,483000000,2218000000,4000000.0,-118000000.0,4000000.0,118000000,-24000000.0,8000000,,123000000,-946000000,23000000,118000000.0,-962000000.0,-1059000000,-828000000,-705000000,-969000000,15.0,2021-02-10,-0.54,-0.56,0.02,3.5714,post-market,2020Q4,-16.0,+8.0,-12.0,-0.3061611374407583,-18.0
16,2020-09-30,USD,-205000000,2813000000,3334000000,1614000000,-1116000000,1635000000,493000000,2213000000,7000000.0,-112000000.0,7000000.0,112000000,-47000000.0,38000000,,85000000,-1066000000,23000000,112000000.0,-1108000000.0,-890000000,-954000000,-869000000,-1089000000,16.0,2020-11-05,-0.62,-0.65,0.03,4.6154,post-market,2020Q3,-9.0,-26.0,-6.0,-0.38713117667970137,+27.0
17,2020-06-30,USD,-768000000,1913000000,3009000000,1252000000,-1607000000,1301000000,584000000,2341000000,6000000.0,-110000000.0,6000000.0,110000000,-29000000.0,-5000000,,74000000,-1771000000,4000000,110000000.0,-1772000000.0,-2024000000,-1661000000,-1587000000,-1775000000,17.0,2020-08-06,-0.8,-0.86,0.06,6.9767,post-market,2020Q2,-83.0,-40.0,-66.0,-0.9278619968635651,-44.0
18,2020-03-31,USD,-252000000,3248000000,3795000000,1786000000,-1263000000,1744000000,645000000,2676000000,38000000.0,-118000000.0,38000000.0,118000000,-28000000.0,18000000,,72000000,-3178000000,-242000000,118000000.0,-2946000000.0,-3144000000,-3060000000,-2988000000,-2936000000,18.0,2020-05-07,-0.64,-0.88,0.24,27.2727,post-market,2020Q1,-71.0,+5.0,+190.0,-0.9039408866995073,+177.0
19,2019-12-31,USD,233000000,2922000000,3836000000,1927000000,-971000000,1898000000,608000000,2526000000,50000000.0,-101000000.0,50000000.0,101000000,-36000000.0,4000000,89000000.0,56000000,-1071000000,25000000,101000000.0,-1091000000.0,-1098000000,-970000000,-914000000,-1096000000,19.0,2020-02-06,-0.64,-0.68,0.04,5.8824,post-market,2019Q4,-66.0,+37.0,+24.0,-0.3750855578370979,-10.0
20,2019-09-30,USD,165000000,3813000000,3648000000,1860000000,-1106000000,1704000000,755000000,2543000000,76000000.0,-90000000.0,76000000.0,90000000,8000000.0,-22000000,92000000.0,39000000,-1159000000,3000000,90000000.0,-1159000000.0,-1180000000,-1069000000,-1030000000,-1162000000,20.0,2019-11-04,-0.68,-0.81,0.13,16.0494,post-market,2019Q3,+nan,+30.0,+18.0,-0.3047469184369263,-9.0
21,2019-06-30,USD,-1469000000,3166000000,4635000000,1740000000,-5485000000,2860000000,3064000000,5959000000,64000000.0,-151000000.0,64000000.0,151000000,437000000.0,16000000,115000000.0,35000000,-5238000000,-2000000,-293000000.0,-5246000000.0,-5157000000,-5087000000,-5052000000,-5236000000,21.0,2019-08-08,-4.77,-3.19,-1.58,-49.5298,post-market,2019Q2,+nan,+14.0,+496.0,-1.6538218572331016,+421.0
22,2019-03-31,USD,-81000000,3099000000,3180000000,1681000000,-1034000000,1463000000,409000000,1965000000,44000000.0,-217000000.0,17000000.0,217000000,-11000000.0,26000000,137000000.0,36000000,-993000000,19000000,217000000.0,-1016000000.0,-1070000000,-776000000,-740000000,-1012000000,22.0,2019-05-30,-2.23,-2.26,0.03,1.3274,post-market,2019Q1,+nan,+20.0,-127.0,-0.32655695385608263,-123.0
23,2018-12-31,USD,1359000000,2137000000,1615000000,1615000000,-1053000000,555000000,366000000,2412000000,,,,195000000,,7000000,105000000.0,109000000,-1209000000,-322000000,,,-895000000,-1014000000,-902000000,-887000000,23.0,2019-02-15,-1.86,0.0,-1.86,,post-market,2018Q4,+nan,+nan,+nan,-0.41506785212915304,+nan
24,2018-09-30,USD,1434000000,2944000000,1510000000,1510000000,-763000000,460000000,434000000,2197000000,,,,161000000,,19000000,120000000.0,131000000,-985000000,1000000,,-994000000.0,-1137000000,-824000000,-586000000,-986000000,,,,,,,,2018Q3,+nan,+nan,+nan,-0.33491847826086957,+nan
25,2018-06-30,USD,1426000000,2768000000,1342000000,1342000000,-739000000,638000000,365000000,2165000000,,,,160000000,,71000000,92000000.0,98000000,-850000000,28000000,,-878000000.0,-897000000,-690000000,-546000000,-878000000,,,,,,,,2018Q2,+nan,+nan,+nan,-0.3171965317919075,+nan
26,2018-03-31,USD,1428000000,2584000000,1156000000,1156000000,-478000000,429000000,340000000,1906000000,,,,132000000,,128000000,82000000.0,88000000,4324000000,576000000,,3748000000.0,3741000000,4456000000,-244000000,3748000000,,,,,,,,2018Q1,+nan,+nan,+nan,1.4504643962848298,+nan
