Unnamed: 0_x,fiscalDateEnding,reportedCurrency,grossProfit,totalRevenue,costOfRevenue,costofGoodsAndServicesSold,operatingIncome,sellingGeneralAndAdministrative,researchAndDevelopment,operatingExpenses,investmentIncomeNet,netInterestIncome,interestIncome,interestExpense,nonInterestIncome,otherNonOperatingIncome,depreciation,depreciationAndAmortization,incomeBeforeTax,incomeTaxExpense,interestAndDebtExpense,netIncomeFromContinuingOperations,comprehensiveIncomeNetOfTax,ebit,ebitda,netIncome,Unnamed: 0_y,reportedDate,reportedEPS,estimatedEPS,surprise,surprisePercentage,reportTime,quarter,EPS_YOY_pct_change,revenue_YOY_pct_change,netIncome_YOY_pct_change,netProfitMargin,netProfitMargin_YOY_pct_change
0.0,2024-06-30,USD,36400000.0,48939000.0,46905000.0,12539000.0,1530000.0,31817000.0,3053000.0,34870000.0,,-5471000.0,,5471000.0,48939000.0,46000.0,301000.0,453000.0,-5818000.0,655000.0,5471000.0,-6473000.0,-6473000.0,1530000.0,1983000.0,-6473000.0,0,2024-08-07,-0.18,-0.2,0.02,10.0,post-market,2024Q2,,,,-0.13226669936042829,
1.0,2024-03-31,USD,24034000.0,34587000.0,39978000.0,10553000.0,-6928000.0,28813000.0,2149000.0,30962000.0,,-5415000.0,,5415000.0,34587000.0,26000.0,,432000.0,-13565000.0,3136724.0,,-13565000.0,-13565000.0,-6928000.0,-6496000.0,-13565000.0,1,2024-05-13,-0.38,-0.2,-0.18,-90.0,post-market,2024Q1,,,,-0.39219938127041953,
2.0,2023-12-31,USD,25053000.0,31231000.0,38329000.0,11302000.0,-4875000.0,26212000.0,3336000.0,29928000.0,,-5124000.0,,5124000.0,36355000.0,-100000.0,,435000.0,-9683000.0,-535000.0,5124000.0,-9148000.0,-9148000.0,-4559000.0,-4124000.0,-9148000.0,2,2024-03-19,-0.25,-0.04,-0.21,-525.0,post-market,2023Q4,,,,-0.2929140917677948,
3.0,2023-09-30,USD,24198000.0,28516000.0,33684000.0,10067000.0,1744000.0,21033000.0,1421000.0,22454000.0,,-5749000.0,,5749000.0,34265000.0,-195000.0,290000.0,405000.0,-2852000.0,1539000.0,5749000.0,-4391000.0,-4391000.0,2897000.0,3302000.0,-4391000.0,3,2023-11-13,-0.13,0.04,-0.17,-425.0,post-market,2023Q3,,,,-0.15398372843316033,
4.0,2023-06-30,USD,23470000.0,27766000.0,32800000.0,10000000.0,2352000.0,19957000.0,1161000.0,21118000.0,,-5704000.0,,5704000.0,33470000.0,-178000.0,228000.0,398000.0,-4244000.0,-15000.0,5704000.0,-4229000.0,-4229000.0,1460000.0,1858000.0,-4229000.0,4,2023-08-09,-0.14,-0.04,-0.1,-250.0,post-market,2023Q2,-0.2222222222222221,-0.4326406342589755,-0.3466707863432721,-0.15230857883742707,0.15152626907536582
5.0,2023-03-31,USD,17832000.0,21356000.0,24451000.0,8271000.0,1210000.0,15888000.0,734000.0,16622000.0,,-4747000.0,,4747000.0,26103000.0,29000.0,225000.0,292000.0,-6931000.0,-288000.0,4747000.0,-6643000.0,-6643000.0,-2184000.0,-1892000.0,-6643000.0,5,2023-05-11,-0.22,-0.05,-0.17,-340.0,post-market,2023Q1,-0.42105263157894735,-0.3825425737994044,-0.51028381865094,-0.3110601236186552,-0.20688267632890323
6.0,2022-12-31,USD,14164000.0,23730000.0,21791000.0,6165000.0,-1778000.0,15239000.0,703000.0,15942000.0,,-1858000.0,,1858000.0,25588000.0,4691000.0,,387000.0,1055000.0,0.0,1858000.0,1055000.0,1055000.0,2913000.0,3300000.0,1055000.0,6,2023-03-23,0.04,-0.12,0.16,133.3333,post-market,2022Q4,-1.16,-0.24017802824117063,-1.1153257542632269,0.04445849136114623,-1.1517799676104021
7.0,2022-09-30,USD,16102000.0,21023000.0,22540000.0,6721000.0,-94000.0,15421000.0,775000.0,16196000.0,,-1800000.0,,1800000.0,22823000.0,-4535000.0,171000.0,247000.0,-6429000.0,35000.0,1800000.0,-6464000.0,-6464000.0,-4629000.0,-4382000.0,-6464000.0,7,2022-11-14,-0.24,-0.0133,-0.2267,-1704.5113,post-market,2022Q3,0.846153846153846,-0.2627647636414644,0.4721020268731497,-0.3074727679208486,0.9967873946779593
8.0,2022-06-30,USD,16789000.0,21529000.0,21117000.0,6534000.0,1690000.0,14185000.0,914000.0,15099000.0,,-1794000.0,,1794000.0,23323000.0,-6095000.0,381000.0,424000.0,-6199000.0,40000.0,1794000.0,-6239000.0,-6239000.0,-4405000.0,-3981000.0,-6239000.0,8,2022-08-09,-0.23,-0.01,-0.22,-2200.0,post-market,2022Q2,0.6428571428571428,-0.22462724195058703,0.4752896665878459,-0.2897951600167216,0.9026844201996436
9.0,2022-03-31,USD,16157000.0,20328000.0,19780000.0,5963000.0,2101000.0,13398000.0,658000.0,14056000.0,,-1792000.0,,1792000.0,22120000.0,-2747000.0,376000.0,419000.0,-2438000.0,0.0,1792000.0,-2438000.0,-2438000.0,-646000.0,-227000.0,-2438000.0,9,2022-05-05,0.03,-0.04,0.07,175.0,post-market,2022Q1,-1.1363636363636362,-0.048136355122682106,-0.6329971398464549,-0.11993309720582448,-0.6144375697835937
10.0,2021-12-31,USD,15108000.0,18970000.0,18443000.0,5080000.0,-1755000.0,12672000.0,3942000.0,16863000.0,,-1924000.0,,1924000.0,20894000.0,248000.0,,442000.0,-7285000.0,133000.0,-4217000.0,-7418000.0,-7418000.0,-1755000.0,-1313000.0,-7418000.0,10,2022-03-10,-0.27,-0.04,-0.23,-575.0,post-market,2021Q4,-7.75,-0.20058997050147498,-8.03127962085308,-0.39103848181338957,-9.795585946380791
11.0,2021-09-30,USD,13764000.0,17026000.0,16702000.0,4947000.0,-3717000.0,11356000.0,6125000.0,17481000.0,,-1685000.0,,1685000.0,18711000.0,0.0,410000.0,399000.0,-8328000.0,2220000.0,1685000.0,-8328000.0,-8328000.0,-3717000.0,-3318000.0,-8328000.0,11,2021-11-09,-0.31,-0.02,-0.29,-1450.0,post-market,2021Q3,0.29166666666666674,-0.19012510107976976,0.2883663366336633,-0.4891342652413955,0.5908214198901389
12.0,2021-06-30,USD,13717000.0,16820000.0,13952000.0,4417000.0,4169000.0,9123000.0,425000.0,9548000.0,,-1314000.0,,1314000.0,18134000.0,-51000.0,361000.0,412000.0,-2478000.0,4340000.0,1314000.0,-2478000.0,-2478000.0,4169000.0,4581000.0,-2478000.0,12,2021-08-10,-0.09,-0.03,-0.06,-200.0,post-market,2021Q2,-0.6086956521739131,-0.21872822704259376,-0.6028209648982208,-0.1473246135552913,-0.4916250031684779
13.0,2021-03-31,USD,11673000.0,14930000.0,12630000.0,3770000.0,2917000.0,8164000.0,592000.0,8756000.0,,-513000.0,,513000.0,15443000.0,0.0,436000.0,464000.0,217000.0,-1967000.0,1000.0,217000.0,217000.0,2917000.0,3381000.0,217000.0,13,2021-05-11,0.01,-0.04,0.05,125.0,post-market,2021Q1,-0.6666666666666666,-0.2655450609996065,-1.0890073831009024,0.014534494306764904,-1.1211883512173573
14.0,2020-12-31,USD,10658000.0,13922000.0,12563000.0,3937000.0,2626000.0,7441000.0,591000.0,8032000.0,,-673000.0,-2234000.0,-1561000.0,14595000.0,-97000.0,,503000.0,1145000.0,4000.0,1000.0,1141000.0,1149000.0,2626000.0,3129000.0,1149000.0,14,2021-03-08,0.04,0.04,0.0,0.0,post-market,2020Q4,-1.1481481481481481,-0.2661043753294676,-1.1548935022917228,0.08253124551070248,-1.211056582277976
15.0,2020-09-30,USD,10703000.0,13901000.0,12171000.0,3696000.0,1597000.0,8436000.0,670000.0,9106000.0,,-498000.0,,498000.0,14399000.0,5000.0,,464000.0,8623000.0,-8590000.0,498000.0,8623000.0,8638000.0,1597000.0,2061000.0,8638000.0,15,2020-11-09,0.04,0.04,0.0,0.0,post-market,2020Q3,-1.129032258064516,-0.18354281686831908,-2.037223823246878,0.621394144306165,-2.2703958574635887
16.0,2020-06-30,USD,4856000.0,7555000.0,10564000.0,3204000.0,-3210000.0,6954000.0,749000.0,8066000.0,,-505000.0,-505000.0,0.0,8060000.0,19000.0,,465000.0,-260000.0,-4385000.0,0.0,-260000.0,-283000.0,-3210000.0,-2745000.0,-237000.0,16,2020-08-10,-0.01,-0.1,0.09,90.0,post-market,2020Q2,-0.8888888888888888,-0.550832342449465,-0.9043583535108959,-0.031369953673064194,-0.7870691602982487
17.0,2020-03-31,USD,8191000.0,11257000.0,12490000.0,3626000.0,-628000.0,8416000.0,403000.0,8819000.0,,-560000.0,-559000.0,1000.0,11817000.0,0.0,,448000.0,-12923000.0,10834000.0,1000.0,-12923000.0,-12939000.0,-628000.0,-180000.0,-12907000.0,17,2020-05-11,-0.5,-0.25,-0.25,-100.0,post-market,2020Q1,-51.0,-0.24601473543201613,-60.47926267281106,-1.1465754641556365,-79.88650543706753
18.0,2019-12-31,USD,9039000.0,12043000.0,16047000.0,3565000.0,926000.0,7689000.0,424000.0,8113000.0,,-561000.0,-560000.0,1000.0,12604000.0,0.0,,571000.0,2592000.0,-4819000.0,1000.0,2584000.0,2527000.0,926000.0,1497000.0,2657000.0,18,2020-03-13,0.1,0.06,0.04,66.6667,pre-market,2019Q4,1.5,-0.13496624048268924,1.3124456048738034,0.22062608984472307,1.6732431878313618
19.0,2019-09-30,USD,8694000.0,12135000.0,12928000.0,4061000.0,-4398000.0,8608000.0,444000.0,13092000.0,,-620000.0,-617000.0,3000.0,12755000.0,0.0,,397000.0,-11630000.0,20681000.0,3000.0,-11630000.0,-11791000.0,-4398000.0,-4001000.0,-11469000.0,19,2019-11-13,-0.29,-0.24,-0.05,-20.8333,post-market,2019Q3,-8.25,-0.12704122005611107,-2.3277379022921973,-0.9451174289245983,-2.520962882551614
20.0,2019-06-30,USD,8291000.0,12800000.0,14238000.0,5225000.0,-767000.0,8248000.0,810000.0,9058000.0,,-716000.0,-706000.0,10000.0,13516000.0,0.0,,491000.0,-2420000.0,1611000.0,10000.0,-2420000.0,-2462000.0,-767000.0,-276000.0,-2378000.0,20,2019-08-14,-0.09,-0.08,-0.01,-12.5,post-market,2019Q2,8.0,0.6942422236929187,9.033755274261603,-0.18578125,4.922267273206752
21.0,2019-03-31,USD,8392000.0,11687000.0,13022000.0,3898000.0,-556000.0,8543000.0,405000.0,8948000.0,,-603000.0,-582000.0,21000.0,12290000.0,12492000.0,,390000.0,11333000.0,-11914000.0,21000.0,11333000.0,11308000.0,-556000.0,-166000.0,11358000.0,21,2019-05-09,0.43,-0.01,0.44,4400.0,post-market,2019Q1,-1.8599999999999999,0.038198454295105266,-1.8799876036259393,0.9718490630615213,-1.847610203988808
22.0,2018-12-31,USD,7282000.0,10695000.0,13499000.0,4102000.0,-2163000.0,9012000.0,433000.0,9445000.0,,-689000.0,-558000.0,131000.0,11384000.0,358000.0,,385000.0,18130000.0,-14580000.0,131000.0,18090000.0,18090000.0,-2163000.0,-1778000.0,18130000.0,22,2019-03-12,0.77,0.34,0.43,126.4706,post-market,2018Q4,6.7,-0.11193224279664538,5.823485133609334,1.6951846657316503,6.6835186034649094
23.0,2018-09-30,USD,6548000.0,10034000.0,11211000.0,4191000.0,-649000.0,6964000.0,233000.0,7197000.0,,-705000.0,-574000.0,131000.0,10739000.0,0.0,423000.0,423000.0,-2514000.0,1865000.0,131000.0,-2514000.0,-2514000.0,-649000.0,-226000.0,-2514000.0,23,2018-11-13,-0.12,-0.12,0.0,0.0,post-market,2018Q3,-0.5862068965517242,-0.173135558302431,-0.7808004185194873,-0.25054813633645606,-0.7349026389011339
24.0,2018-06-30,USD,6227000.0,10384000.0,4157000.0,4157000.0,-624000.0,6779000.0,72000.0,6851000.0,,-671000.0,-541000.0,130000.0,10384000.0,-255000.0,401000.0,401000.0,2522000.0,-8466000.0,130000.0,2522000.0,2522000.0,-624000.0,-223000.0,2522000.0,24,2018-08-06,0.11,-0.12,0.23,191.6667,post-market,2018Q2,-2.2222222222222223,-0.18874999999999997,-2.0605550883095036,0.24287365177195686,-2.3073098160980017
25.0,2018-03-31,USD,4794000.0,8865000.0,4071000.0,4071000.0,-1781000.0,6488000.0,87000.0,6575000.0,,-663000.0,-535000.0,128000.0,-1069000.0,0.0,399000.0,399000.0,-3513000.0,1732000.0,128000.0,-3513000.0,-3513000.0,-1781000.0,-1382000.0,-3513000.0,25,2018-05-15,-0.17,-0.16,-0.01,-6.25,post-market,2018Q1,-1.3953488372093024,-0.24146487550269535,-1.309297411516112,-0.3962774957698816,-1.4077562152722845
26.0,2017-12-31,USD,3880000.0,5866000.0,9398000.0,3457000.0,-2151000.0,5942000.0,89000.0,6031000.0,,-678000.0,-512000.0,166000.0,-793000.0,0.0,,360000.0,-3622000.0,-851000.0,166000.0,-2771000.0,-2771000.0,-2151000.0,-3096000.0,-2771000.0,26,2018-03-08,-0.13,0.0,0.0,,post-market,2017Q4,-1.1688311688311688,-0.45151940158952786,-1.1528405956977386,-0.47238322536651894,-1.2786618088965758
27.0,2017-09-30,USD,3080000.0,3527000.0,9365000.0,3403000.0,-2764000.0,5781000.0,63000.0,5844000.0,,-793000.0,-652000.0,141000.0,-2163000.0,-884000.0,,382000.0,-5720000.0,-28000.0,1025000.0,-5692000.0,-5692000.0,-2764000.0,-5197000.0,-5692000.0,27,2017-11-14,-0.28,0.0,0.0,,post-market,2017Q3,1.3333333333333335,-0.648495116603548,1.2641209228321402,-1.6138361213495889,5.441221814487579
28.0,2017-06-30,USD,3569000.0,6857000.0,3288000.0,3288000.0,-3017000.0,6485000.0,101000.0,13229000.0,,-767000.0,-471000.0,296000.0,-485000.0,5240000.0,,314000.0,1456000.0,-28000.0,296000.0,1484000.0,1484000.0,-3017000.0,2066000.0,1484000.0,28,2017-08-10,-0.26,0.0,0.0,,post-market,2017Q2,-3.3636363636363638,-0.3396571648690293,-0.4115781126090404,0.21642117544115502,-0.10891455758090651
29.0,2017-03-31,USD,2740000.0,6097000.0,3357000.0,3357000.0,-4231000.0,6811000.0,160000.0,13797000.0,,-788000.0,-452000.0,336000.0,-15000.0,-15000.0,,345000.0,-5034000.0,-28000.0,336000.0,-5006000.0,-5006000.0,-4231000.0,-4353000.0,-5006000.0,29,2017-05-10,-0.26,-0.19,-0.07,-36.8421,post-market,2017Q1,0.5294117647058822,-0.3122391426959955,0.42499288357529186,-0.821059537477448,1.0719307713457376
30.0,2016-12-31,USD,2722000.0,5054000.0,8365000.0,2619000.0,-3508000.0,5629000.0,601000.0,11859000.0,,-782000.0,-641000.0,141000.0,,43000.0,,356000.0,-6213000.0,4560000.0,141000.0,-6213000.0,-6213000.0,-3508000.0,-3152000.0,-6102000.0,30,2017-03-21,-0.3,-0.28,-0.02,-7.1429,post-market,2016Q4,1.3076923076923075,-0.13842482100238662,1.2020931071815228,-1.2073605065294817,1.5558919997480833
31.0,2016-09-30,USD,2522000.0,6484000.0,9627000.0,2430000.0,-4612000.0,6815000.0,16000.0,13949000.0,,-732000.0,-467000.0,265000.0,,1494000.0,,348000.0,-3850000.0,-156000.0,265000.0,-3850000.0,-3850000.0,-4612000.0,-4264000.0,-3850000.0,31,2016-11-14,-0.29,0.0,0.0,,post-market,2016Q3,0.03571428571428559,0.8383895662035725,-0.32361208713984535,-0.5937692782233189,-0.6320758530756068
32.0,2016-06-30,USD,2735000.0,4276000.0,9022000.0,2263000.0,-4008000.0,6667000.0,76000.0,13410000.0,,-631000.0,-367000.0,264000.0,,,,268000.0,-4639000.0,631000.0,264000.0,-4639000.0,-4639000.0,-4008000.0,-3740000.0,-4639000.0,32,2016-08-15,-0.35,0.0,0.0,,post-market,2016Q2,0.34615384615384603,-0.37640367507656414,-4.126010781671159,-1.0848924228250703,-6.01287556826921
33.0,2016-03-31,USD,2132000.0,3752000.0,8533000.0,2610000.0,-3754000.0,5840000.0,46000.0,11726000.0,,-629000.0,-367000.0,262000.0,,-113000.0,,83000.0,-4496000.0,855000.0,262000.0,-4496000.0,-4496000.0,-3754000.0,-3671000.0,-4496000.0,33,2016-05-12,-0.42,-0.27,-0.15,-55.5556,post-market,2016Q1,0.6153846153846152,-0.3846153846153846,-0.10187774670395522,-1.1982942430703625,0.4594486616060727
34.0,2015-12-31,USD,1556000.0,3074000.0,8234000.0,1947000.0,-4695000.0,6218000.0,33000.0,12469000.0,,-429000.0,-323000.0,106000.0,,,,69000.0,-5124000.0,429000.0,106000.0,-5129000.0,-5129000.0,-4695000.0,-4626000.0,-5124000.0,34,2016-03-23,-0.48,-0.26,-0.22,-84.6154,post-market,2015Q4,0.6000000000000001,-0.39176889592402053,-0.16027531956735497,-1.6668835393623942,0.38060134512250743
35.0,2015-09-30,USD,1481000.0,2260000.0,6207000.0,1202000.0,-3529000.0,4917000.0,93000.0,9927000.0,,-423000.0,-353000.0,70000.0,,,,84000.0,-3952000.0,423000.0,70000.0,-3952000.0,-3952000.0,-3529000.0,-3445000.0,-3952000.0,35,2015-11-12,-0.41,-0.38,-0.03,-7.8947,post-market,2015Q3,0.4137931034482758,-0.6514497223935842,0.02649350649350657,-1.7486725663716813,1.9450371221698655
36.0,2015-06-30,USD,917000.0,1718000.0,5517000.0,1050000.0,-3481000.0,4373000.0,25000.0,8771000.0,,-249000.0,-179000.0,70000.0,,,,58000.0,-3730000.0,249000.0,70000.0,-3730000.0,-3730000.0,-3481000.0,-3423000.0,-3730000.0,36,2015-08-12,-0.39,-0.31,-0.08,-25.8065,post-market,2015Q2,0.11428571428571432,-0.59822263797942,-0.19594740245742615,-2.171129220023283,1.0012391775855911
37.0,2015-03-31,USD,556000.0,1587000.0,4543000.0,1007000.0,-3117000.0,3492000.0,181000.0,7165000.0,,-7000.0,-7000.0,0.0,,31000.0,,44000.0,-3093000.0,-24000.0,0.0,-3093000.0,-3093000.0,-3117000.0,-3073000.0,-3093000.0,37,2015-05-13,-0.33,-0.25,-0.08,-32.0,post-market,2015Q1,-0.2142857142857142,-0.5770255863539446,-0.3120551601423488,-1.9489603024574669,0.6264455193105907
38.0,2014-12-31,USD,172000.0,548863.0,3246108.0,377339.0,-2751000.0,2851920.0,71000.0,5774679.0,5955.0,6000.0,7242.0,1242.0,,7520.0,17455.0,17000.0,-2745280.0,-4713.0,1242.0,-2748080.0,-2748080.0,-2751000.0,-2734000.0,-2745000.0,38,2015-03-12,-0.3,-0.26,-0.04,-15.3846,post-market,2014Q4,-0.375,-0.821449902407287,-0.4642857142857143,-5.00124803457329,2.000358403254937
39.0,2014-09-30,USD,202000.0,440037.0,2843100.0,238951.0,-2459000.0,2590425.0,70000.0,5250948.0,7502.0,7000.0,7993.0,993.0,,7502.0,9134.0,9000.0,-2451935.0,-6509.0,993.0,-2451935.0,-2451935.0,-2459000.0,-2450000.0,-2452000.0,39,2014-11-12,-0.3,-0.25,-0.05,-20.0,pre-market,2014Q3,-0.2682926829268293,-0.8052933628318584,-0.37955465587044535,-5.5722586964278005,2.1865649427952505
40.0,2014-06-30,USD,191000.0,666136.0,3252403.0,476549.0,-2603000.0,2758421.0,36000.0,5553978.0,,7000.0,8565.0,1565.0,,7115.0,7855.0,8000.0,-2595725.0,-7115.0,1565.0,-2595725.0,-2595725.0,-2603000.0,-2595000.0,-2596000.0,40,2014-09-03,-0.2849,0.0,0.0,,pre-market,2014Q2,-0.2694871794871796,-0.6122607683352737,-0.30402144772117967,-3.89710209326624,0.7949655217778553
41.0,2014-03-31,USD,2000.0,1410.0,2276730.0,2336882.0,-2335000.0,2276730.0,60000.0,4613612.0,,10000.0,10000.0,0.0,,10309.0,,3000.0,-2325163.0,-10309.0,0.0,-2325163.0,-2325163.0,-2335000.0,-2332000.0,-2325000.0,41,2014-05-28,-0.258,0.0,0.0,,pre-market,2014Q1,-0.21818181818181814,-0.9991115311909263,-0.2483026188166828,-1648.936170212766,845.0593928637762
42.0,2013-12-31,USD,2500.0,2500.0,1881779.0,1893000.0,-1893434.0,1881779.0,14155.0,1895934.0,11307.0,,,,,11307.0,2178.0,2178.0,-1882127.0,-11307.0,,-1882127.0,-1882127.0,-1893434.0,-1879949.0,-1882127.0,42,2014-02-26,-0.21,0.0,0.0,,pre-market,2013Q4,-0.30000000000000004,-0.9954451292945599,-0.314343533697632,-752.8508,149.53258602564665
43.0,2013-09-30,USD,2500.0,2500.0,1622924.0,2092000.0,-2089904.0,1622924.0,469480.0,2092404.0,12440.0,,,,,12440.0,1408.0,1408.0,-2077464.0,-12440.0,,-2077464.0,-2077464.0,-2089904.0,-2076056.0,-2077464.0,43,2013-11-11,-0.2318,0.0,0.0,,pre-market,2013Q3,-0.22733333333333328,-0.9943186595672636,-0.1527471451876019,-830.9856,148.12904178923327
44.0,2013-06-30,USD,2500.0,2500.0,1556145.0,2232000.0,-2230992.0,1556145.0,677347.0,2233492.0,12940.0,,,,,12940.0,1174.0,1174.0,-2218052.0,-12940.0,,-2205112.0,-2218052.0,-2230992.0,-2216878.0,-2218052.0,44,2013-08-28,-0.2495,0.0,0.0,,pre-market,2013Q2,-0.12425412425412419,-0.9962470126220472,-0.14558859784283518,-887.2208,226.6616775149461
45.0,2013-03-31,USD,2500.0,2500.0,1019949.0,1474000.0,-1472549.0,1019949.0,455100.0,1885764.0,7068.0,0.0,,0.0,0.0,7068.0,,899.0,-1465481.0,-7068.0,0.0,-1458413.0,-1465481.0,-1472549.0,-1464582.0,-1465481.0,45,2013-05-29,-0.1882,0.0,0.0,,pre-market,2013Q1,-0.2705426356589147,0.7730496453900708,-0.3696855913978495,-586.1924,-0.6445026735483871
46.0,2012-12-31,USD,-740370.0,0.0,740370.0,1457000.0,-1458633.0,740370.0,718263.0,3647712.0,5605.0,0.0,,0.0,0.0,5605.0,854.0,854.0,-1453028.0,-5605.0,0.0,-1600.0,-1600.0,-1458633.0,-1452174.0,-1453028.0,46,2013-02-27,-0.3234,0.0,0.0,,pre-market,2012Q4,0.5400000000000003,-1.0,-0.22798620921967538,-inf,inf
47.0,2012-09-30,USD,-946381.0,0.0,946381.0,1249000.0,-1250047.0,946381.0,303666.0,1250047.0,4221.0,0.0,,0.0,0.0,4221.0,843.0,843.0,-1245826.0,-4221.0,0.0,-1241605.0,-1245826.0,-1250047.0,-1244983.0,-1245826.0,47,2012-11-28,-0.2003,0.0,0.0,,pre-market,2012Q3,-0.13589301121656605,-1.0,-0.400314036729397,-inf,inf
48.0,2012-06-30,USD,-1177566.0,0.0,984667.0,1118000.0,-1118278.0,984667.0,133611.0,1311177.0,5584.0,-3576.0,,3576.0,-189323.0,-187315.0,843.0,843.0,-1305593.0,189323.0,192899.0,-1300009.0,-1305593.0,-1118278.0,-1111851.0,-1305593.0,48,2012-08-29,-0.3886,0.0,0.0,,pre-market,2012Q2,0.5575150300601202,-1.0,-0.41137854297374454,-inf,inf
49.0,2012-03-31,USD,-1236125.0,100000.0,308956.0,452000.0,-351919.0,308956.0,142963.0,1479088.0,,-21082.0,,21082.0,-1006087.0,-1027169.0,404.0,404.0,-1379088.0,1006087.0,1027169.0,-1379088.0,-1379088.0,-351919.0,-351515.0,-1379088.0,49,2012-05-30,-1.297,0.0,0.0,,pre-market,2012Q1,5.891604675876726,39.0,-0.05895197549473519,-13.79088,-0.9764737993873683
50.0,2011-12-31,USD,-271758.0,41387.0,313145.0,,-313145.0,313145.0,0.0,271758.0,,-18905.0,,18905.0,60292.0,41387.0,0.0,264.0,-2060763.0,26782.0,-41387.0,-271758.0,-271758.0,-313145.0,-380205.0,-271758.0,50,2012-02-29,-0.9345,0.0,0.0,,pre-market,2011Q4,1.8896103896103895,inf,-0.8129712572641408,-6.566264769130403,-1.0
51.0,2011-09-30,USD,-85400.0,0.0,66496.0,,-66496.0,66496.0,0.0,85400.0,,-18904.0,,18904.0,0.0,-18904.0,0.0,,-85400.0,,18904.0,-85400.0,-85400.0,-66496.0,-66496.0,-85400.0,51,2011-11-30,-0.2148,0.0,0.0,,pre-market,2011Q3,0.07239141288067885,,-0.9314511015181896,-inf,
52.0,2011-06-30,USD,-140127.0,0.0,121429.0,,-145767.0,121429.0,24338.0,164465.0,,-18698.0,,18698.0,0.0,-18698.0,74.0,74.0,-164465.0,,18698.0,-164465.0,-164465.0,-145767.0,-145693.0,-164465.0,52,2011-08-31,-0.4134,0.0,0.0,,pre-market,2011Q2,0.06381883685023149,,-0.87403042142536,-inf,
53.0,2011-03-31,USD,,0.0,,,-413820.0,326604.0,87216.0,413820.0,,,,18493.0,,,,264.0,,,,,,-413820.0,-413556.0,-432313.0,53,2011-06-01,-1.0854,0.0,0.0,,pre-market,2011Q1,-0.16314572089437163,-1.0,-0.6865225424338404,-inf,inf
54.0,2010-12-31,USD,,0.0,,,-407280.0,557592.0,-150312.0,407280.0,,,,18904.0,,,,264.0,,,,,,-407280.0,-407016.0,-426155.0,54,2011-03-02,-1.0799,0.0,0.0,,pre-market,2010Q4,0.1555912252541467,-1.0,0.5681415082536669,-inf,inf
55.0,2010-09-30,USD,,0.0,,,-727771.0,584983.0,142788.0,727771.0,,,,18904.0,,,,264.0,,-215.0,,,,-727771.0,-727507.0,-746460.0,55,2010-11-08,-2.0,-1.2,-0.8,-66.6667,pre-market,2010Q3,8.31098696461825,,7.740749414519906,-inf,
56.0,2010-06-30,USD,,0.0,,,-496764.0,409810.0,86954.0,496764.0,,,,17671.0,,,,264.0,-470465.0,-52733.0,,,,-496764.0,-522799.0,-488001.0,56,2010-08-12,-1.2,-1.2,0.0,0.0,pre-market,2010Q2,1.9027576197387517,,1.9672027483051107,-inf,
,2010-03-31,,,0.0,,,,,,,,,,,,,,,,,,,,,,0.0,57,2010-06-02,-2.2249,0.0,0.0,,pre-market,2010Q1,1.0498433757140226,,-1.0,,
,2009-12-31,,,0.0,,,,,,,,,,,,,,,,,,,,,,0.0,58,2010-03-03,-2.0,0.0,0.0,,pre-market,2009Q4,0.852023335494027,,-1.0,,
,2009-09-30,,,0.0,,,,,,,,,,,,,,,,,,,,,,0.0,59,2009-12-02,-2.3755,0.0,0.0,,pre-market,2009Q3,0.18775000000000008,,-1.0,,
,2009-06-30,,,0.0,,,,,,,,,,,,,,,,,,,,,,0.0,60,2009-09-02,-3.1484,0.0,0.0,,pre-market,2009Q2,1.6236666666666668,,-1.0,,
,2009-03-31,,,0.0,,,,,,,,,,,,,,,,,,,,,,0.0,61,2009-06-03,-4.1665,0.0,0.0,,pre-market,2009Q1,0.8726684345363838,,,,
,2008-12-31,,,0.0,,,,,,,,,,,,,,,,,,,,,,0.0,62,2009-02-25,-2.5729,0.0,0.0,,pre-market,2008Q4,0.2864500000000001,,,,
,2008-09-30,,,0.0,,,,,,,,,,,,,,,,,,,,,,0.0,63,2008-12-03,-2.1082,0.0,0.0,,pre-market,2008Q3,-0.11252367922542628,,,,
,2008-06-30,,,0.0,,,,,,,,,,,,,,,,,,,,,,0.0,64,2008-09-03,-3.4315,0.0,0.0,,pre-market,2008Q2,0.0899186888578325,,,,
,2008-03-31,,,0.0,,,,,,,,,,,,,,,,,,,,,,0.0,65,2008-05-28,-0.7947,0.0,0.0,,pre-market,2008Q1,-0.809264370574823,,,,
,2007-12-31,,,0.0,,,,,,,,,,,,,,,,,,,,,,0.0,66,2008-02-27,-6.8715,0.0,0.0,,pre-market,2007Q4,1.6707217536631815,,,,
,2007-09-30,,,0.0,,,,,,,,,,,,,,,,,,,,,,0.0,67,2007-09-30,-11.4761,0.0,0.0,,pre-market,2007Q3,4.443553742529172,,,,
