Unnamed: 0_x,fiscalDateEnding,reportedCurrency,grossProfit,totalRevenue,costOfRevenue,costofGoodsAndServicesSold,operatingIncome,sellingGeneralAndAdministrative,researchAndDevelopment,operatingExpenses,investmentIncomeNet,netInterestIncome,interestIncome,interestExpense,nonInterestIncome,otherNonOperatingIncome,depreciation,depreciationAndAmortization,incomeBeforeTax,incomeTaxExpense,interestAndDebtExpense,netIncomeFromContinuingOperations,comprehensiveIncomeNetOfTax,ebit,ebitda,netIncome,Unnamed: 0_y,reportedDate,reportedEPS,estimatedEPS,surprise,surprisePercentage,reportTime,quarter,EPS_YOY_pct_change,revenue_YOY_pct_change,netIncome_YOY_pct_change,netProfitMargin,netProfitMargin_YOY_pct_change
,2024-09-30,,,,,,,,,,,,,,,,,,,,,,,,,,0,2024-10-15,1.75,1.82,-0.07,-3.8462,post-market,2024Q3,+13.0,+nan,+nan,,+nan
0.0,2024-06-30,USD,1286000000.0,1636000000.0,350000000.0,261000000.0,1276000000.0,10000000.0,,10000000.0,,792000000.0,,1036000000.0,438000000.0,,,24000000.0,250000000.0,71000000.0,,809000000.0,177000000.0,1276000000.0,904000000.0,179000000.0,1,2024-07-16,1.76,1.74,0.02,1.1494,post-market,2024Q2,+33.0,-12.0,+43.0,0.10941320293398533,+62.0
1.0,2024-03-31,USD,1245000000.0,2216000000.0,337000000.0,125000000.0,1207000000.0,38000000.0,,38000000.0,,747000000.0,1760000000.0,1013000000.0,456000000.0,,,24000000.0,246000000.0,71000000.0,1013000000.0,795000000.0,149000000.0,1259000000.0,892000000.0,175000000.0,2,2024-04-16,1.64,1.63,0.01,0.6135,post-market,2024Q1,+21.0,+25.0,+18.0,0.078971119133574,-6.0
2.0,2023-12-31,USD,1164000000.0,2104000000.0,323000000.0,100000000.0,1127000000.0,37000000.0,,37000000.0,,730000000.0,1695000000.0,965000000.0,409000000.0,,,25000000.0,237000000.0,77000000.0,965000000.0,739000000.0,197000000.0,1202000000.0,850000000.0,160000000.0,3,2024-01-16,1.52,1.55,-0.03,-1.9355,post-market,2023Q4,+17.0,+38.0,+18.0,0.07604562737642585,-15.0
3.0,2023-09-30,USD,1173000000.0,2055000000.0,305000000.0,1135000000.0,1163000000.0,10000000.0,,10000000.0,,733000000.0,1643000000.0,910000000.0,412000000.0,,,23000000.0,235000000.0,68000000.0,910000000.0,772000000.0,148000000.0,1145000000.0,880000000.0,167000000.0,4,2023-10-17,1.55,1.51,0.04,2.649,post-market,2023Q3,+44.0,+87.0,+69.0,0.08126520681265206,-10.0
4.0,2023-06-30,USD,974000000.0,1851000000.0,348000000.0,1080000000.0,964000000.0,10000000.0,,10000000.0,,694000000.0,1545000000.0,851000000.0,306000000.0,,,23000000.0,176000000.0,51000000.0,851000000.0,601000000.0,132000000.0,1027000000.0,650000000.0,125000000.0,5,2023-07-18,1.32,1.4,-0.08,-5.7143,post-market,2023Q2,+57.0,+141.0,+74.0,0.0675310642895732,-28.0
5.0,2023-03-31,USD,1118000000.0,1766000000.0,295000000.0,933000000.0,1083000000.0,35000000.0,,35000000.0,,637000000.0,1347000000.0,710000000.0,419000000.0,,,23000000.0,209000000.0,61000000.0,710000000.0,700000000.0,153000000.0,919000000.0,767000000.0,148000000.0,6,2023-04-18,1.35,1.41,-0.06,-4.2553,post-market,2023Q1,+65.0,+154.0,+103.0,0.08380520951302378,-20.0
6.0,2022-12-31,USD,1020000000.0,1522000000.0,287000000.0,755000000.0,984000000.0,36000000.0,,36000000.0,,565000000.0,1111000000.0,546000000.0,411000000.0,,,22000000.0,192000000.0,56000000.0,546000000.0,633000000.0,174000000.0,738000000.0,711000000.0,136000000.0,7,2023-01-17,1.3,1.17,0.13,11.1111,post-market,2022Q4,+57.0,+131.0,+103.0,0.08935611038107753,-12.0
7.0,2022-09-30,USD,843000000.0,1100000000.0,267000000.0,508000000.0,835000000.0,8000000.0,,8000000.0,,473000000.0,783000000.0,310000000.0,317000000.0,,,20000000.0,139000000.0,40000000.0,310000000.0,483000000.0,69000000.0,449000000.0,525000000.0,99000000.0,8,2022-10-18,1.08,0.96,0.12,12.5,post-market,2022Q3,+38.0,+114.0,+136.0,0.09,+10.0
8.0,2022-06-30,USD,714000000.0,768000000.0,264000000.0,98000000.0,705000000.0,9000000.0,,9000000.0,,348000000.0,460000000.0,112000000.0,308000000.0,,,21000000.0,104000000.0,32000000.0,112000000.0,360000000.0,48000000.0,216000000.0,394000000.0,72000000.0,9,2022-07-19,0.84,0.92,-0.08,-8.6957,post-market,2022Q2,+2.0,-2.0,-22.0,0.09375,-20.0
9.0,2022-03-31,USD,743000000.0,695000000.0,251000000.0,92000000.0,714000000.0,29000000.0,,29000000.0,,282000000.0,332000000.0,50000000.0,363000000.0,,,21000000.0,101000000.0,28000000.0,50000000.0,366000000.0,63000000.0,151000000.0,396000000.0,73000000.0,10,2022-04-19,0.82,0.82,0.0,0.0,post-market,2022Q1,-16.0,-29.0,-32.0,0.10503597122302158,-4.0
10.0,2021-12-31,USD,693000000.0,658000000.0,230000000.0,73000000.0,655000000.0,38000000.0,,38000000.0,,295000000.0,350000000.0,55000000.0,308000000.0,,,20000000.0,102000000.0,35000000.0,55000000.0,338000000.0,66000000.0,157000000.0,373000000.0,67000000.0,11,2022-01-18,0.83,0.82,0.01,1.2195,post-market,2021Q4,+20.0,+1.0,-6.0,0.10182370820668693,-6.0
11.0,2021-09-30,USD,545000000.0,515000000.0,230000000.0,79000000.0,537000000.0,8000000.0,,8000000.0,,274000000.0,325000000.0,51000000.0,190000000.0,,,18000000.0,70000000.0,28000000.0,51000000.0,206000000.0,33000000.0,121000000.0,234000000.0,42000000.0,12,2021-10-19,0.78,0.76,0.02,2.6316,post-market,2021Q3,+47.0,-13.0,-9.0,0.08155339805825243,+5.0
12.0,2021-06-30,USD,848000000.0,787000000.0,213000000.0,72000000.0,840000000.0,8000000.0,,8000000.0,,274000000.0,307000000.0,33000000.0,480000000.0,,,18000000.0,127000000.0,35000000.0,33000000.0,506000000.0,97000000.0,160000000.0,543000000.0,92000000.0,13,2021-07-20,0.82,0.82,0.0,0.0,post-market,2021Q2,+44.0,+34.0,+188.0,0.11689961880559085,+114.0
13.0,2021-03-31,USD,1051000000.0,978000000.0,254000000.0,250000000.0,1026000000.0,25000000.0,,25000000.0,,305000000.0,390000000.0,85000000.0,588000000.0,,,18000000.0,160000000.0,53000000.0,85000000.0,586000000.0,90000000.0,245000000.0,643000000.0,107000000.0,14,2021-04-20,0.98,0.91,0.07,7.6923,post-market,2021Q1,+63.0,+52.0,+133.0,0.10940695296523517,+53.0
14.0,2020-12-31,USD,680000000.0,654000000.0,207000000.0,152000000.0,654000000.0,26000000.0,,26000000.0,,225000000.0,280000000.0,55000000.0,374000000.0,,,17000000.0,83000000.0,12000000.0,55000000.0,380000000.0,92000000.0,138000000.0,392000000.0,71000000.0,15,2021-01-19,0.69,0.59,0.1,16.9492,post-market,2020Q4,+21.0,+4.0,+61.0,0.10856269113149847,+56.0
15.0,2020-09-30,USD,613000000.0,593000000.0,214000000.0,196000000.0,607000000.0,6000000.0,,6000000.0,,195000000.0,240000000.0,45000000.0,353000000.0,,,15000000.0,78000000.0,32000000.0,45000000.0,302000000.0,54000000.0,123000000.0,340000000.0,46000000.0,16,2020-10-20,0.53,0.55,-0.02,-3.6364,post-market,2020Q3,+18.0,-8.0,+28.0,0.0775716694772344,+39.0
16.0,2020-06-30,USD,497000000.0,587000000.0,317000000.0,206000000.0,490000000.0,7000000.0,,7000000.0,,196000000.0,244000000.0,48000000.0,343000000.0,,,15000000.0,47000000.0,15000000.0,48000000.0,207000000.0,36000000.0,95000000.0,228000000.0,32000000.0,17,2020-07-21,0.57,0.31,0.26,83.871,post-market,2020Q2,+33.0,+0.0,+100.0,0.054514480408858604,-0.0
17.0,2020-03-31,USD,585000000.0,645000000.0,224000000.0,270000000.0,563000000.0,22000000.0,,22000000.0,,256000000.0,369000000.0,113000000.0,276000000.0,,,15000000.0,64000000.0,18000000.0,113000000.0,290000000.0,39000000.0,177000000.0,322000000.0,46000000.0,18,2020-04-21,0.6,0.64,-0.04,-6.25,post-market,2020Q1,-5.0,-10.0,-6.0,0.07131782945736434,+5.0
18.0,2019-12-31,USD,443000000.0,631000000.0,188000000.0,134000000.0,420000000.0,23000000.0,,23000000.0,,287000000.0,418000000.0,131000000.0,213000000.0,,,16000000.0,62000000.0,18000000.0,131000000.0,294000000.0,51000000.0,193000000.0,310000000.0,44000000.0,19,2020-01-21,0.57,0.61,-0.04,-6.5574,post-market,2019Q4,+100.0,-0.0,+2.0,0.06973058637083994,+3.0
19.0,2019-09-30,USD,458000000.0,643000000.0,185000000.0,312000000.0,451000000.0,7000000.0,,7000000.0,,291000000.0,468000000.0,177000000.0,175000000.0,,,12000000.0,56000000.0,20000000.0,177000000.0,261000000.0,30000000.0,233000000.0,277000000.0,36000000.0,20,2019-10-15,0.45,0.49,-0.04,-8.1633,post-market,2019Q3,-12.0,+15.0,-8.0,0.05598755832037325,-20.0
20.0,2019-06-30,USD,398000000.0,586000000.0,188000000.0,311000000.0,392000000.0,6000000.0,,6000000.0,,259000000.0,432000000.0,173000000.0,154000000.0,,,12000000.0,47000000.0,15000000.0,173000000.0,210000000.0,36000000.0,220000000.0,233000000.0,32000000.0,21,2019-07-16,0.43,0.53,-0.1,-18.8679,post-market,2019Q2,+10.0,+6.0,-22.0,0.05460750853242321,-26.0
21.0,2019-03-31,USD,501000000.0,720000000.0,219000000.0,294000000.0,479000000.0,22000000.0,,22000000.0,,246000000.0,408000000.0,162000000.0,312000000.0,,,12000000.0,64000000.0,15000000.0,162000000.0,324000000.0,48000000.0,226000000.0,425000000.0,49000000.0,22,2019-04-16,0.63,0.53,0.1,18.8679,post-market,2019Q1,-3.0,+16.0,+7.0,0.06805555555555555,-8.0
22.0,2018-12-31,USD,451000000.0,634000000.0,183000000.0,136000000.0,574000000.0,-123000000.0,,-123000000.0,,-78000000.0,,142000000.0,-311000000.0,,,8000000.0,62000000.0,19000000.0,,290000000.0,43000000.0,574000000.0,313000000.0,43000000.0,23,2019-01-22,0.57,0.61,-0.04,-6.5574,post-market,2018Q4,-2950.0,+7.0,-2250.0,0.06782334384858044,-2111.0
23.0,2018-09-30,USD,395000000.0,558000000.0,163000000.0,239000000.0,325000000.0,70000000.0,,70000000.0,,363000000.0,,119000000.0,378000000.0,,,6000000.0,57000000.0,18000000.0,,258000000.0,38000000.0,325000000.0,274000000.0,39000000.0,24,2018-10-16,0.51,0.5,0.01,2.0,post-market,2018Q3,+19.0,+15.0,+26.0,0.06989247311827956,+10.0
24.0,2018-06-30,USD,379000000.0,553000000.0,174000000.0,242000000.0,304000000.0,75000000.0,,75000000.0,,333000000.0,,108000000.0,418000000.0,,,5000000.0,54000000.0,13000000.0,,258000000.0,28000000.0,304000000.0,271000000.0,41000000.0,25,2018-07-17,0.39,0.41,-0.02,-4.878,post-market,2018Q2,-5.0,+26.0,+78.0,0.07414104882459313,+41.0
25.0,2018-03-31,USD,434000000.0,621000000.0,187000000.0,237000000.0,358000000.0,76000000.0,,76000000.0,,311000000.0,,94000000.0,489000000.0,,,7000000.0,67000000.0,21000000.0,,319000000.0,47000000.0,358000000.0,346000000.0,46000000.0,26,2018-04-17,0.65,0.59,0.06,10.1695,post-market,2018Q1,+62.0,+52.0,+92.0,0.07407407407407407,+26.0
26.0,2017-12-31,USD,442000000.0,593000000.0,151000000.0,113000000.0,344000000.0,78000000.0,,98000000.0,,282000000.0,,78000000.0,184000000.0,,,7000000.0,198000000.0,200000000.0,,164000000.0,-2000000.0,344000000.0,364000000.0,-2000000.0,27,2018-01-16,-0.02,0.4,-0.42,-105.0,post-market,2017Q4,-112.0,+176.0,-150.0,-0.003372681281618887,-118.0
27.0,2017-09-30,USD,329000000.0,487000000.0,158000000.0,186000000.0,258000000.0,71000000.0,,71000000.0,,243000000.0,,61000000.0,174000000.0,,,6000000.0,52000000.0,21000000.0,,247000000.0,32000000.0,258000000.0,268000000.0,31000000.0,28,2017-10-17,0.43,0.38,0.05,13.1579,post-market,2017Q3,+43.0,+33.0,+55.0,0.06365503080082136,+16.0
28.0,2017-06-30,USD,255000000.0,438000000.0,183000000.0,180000000.0,182000000.0,73000000.0,,73000000.0,,206000000.0,,51000000.0,173000000.0,,,6000000.0,40000000.0,17000000.0,,187000000.0,29000000.0,182000000.0,206000000.0,23000000.0,29,2017-07-18,0.41,0.37,0.04,10.8108,post-market,2017Q2,+14.0,+13.0,-15.0,0.05251141552511415,-25.0
29.0,2017-03-31,USD,248000000.0,409000000.0,161000000.0,158000000.0,155000000.0,70000000.0,,93000000.0,,177000000.0,,35000000.0,156000000.0,,,6000000.0,42000000.0,18000000.0,,195000000.0,28000000.0,155000000.0,168000000.0,24000000.0,30,2017-04-18,0.4,0.39,0.01,2.5641,post-market,2017Q1,-33.0,-19.0,-27.0,0.05867970660146699,-10.0
30.0,2016-12-31,USD,50000000.0,215000000.0,165000000.0,129000000.0,-41000000.0,91000000.0,,91000000.0,,160000000.0,,22000000.0,189000000.0,,,7000000.0,11000000.0,7000000.0,,21000000.0,-3000000.0,-41000000.0,28000000.0,4000000.0,31,2017-01-17,0.16,0.17,-0.01,-5.8824,post-market,2016Q4,-11.0,-26.0,-76.0,0.018604651162790697,-68.0
31.0,2016-09-30,USD,204000000.0,366000000.0,162000000.0,141000000.0,139000000.0,65000000.0,,65000000.0,,157000000.0,,21000000.0,182000000.0,,,6000000.0,35000000.0,15000000.0,,168000000.0,20000000.0,139000000.0,189000000.0,20000000.0,32,2016-10-18,0.3,0.33,-0.03,-9.0909,post-market,2016Q3,+30.0,-2.0,-9.0,0.0546448087431694,-7.0
32.0,2016-06-30,USD,231000000.0,387000000.0,156000000.0,135000000.0,164000000.0,67000000.0,,67000000.0,,144000000.0,,18000000.0,186000000.0,,,6000000.0,40000000.0,13000000.0,,200000000.0,24000000.0,164000000.0,219000000.0,27000000.0,33,2016-07-19,0.36,0.35,0.01,2.8571,post-market,2016Q2,-18.0,-4.0,+17.0,0.06976744186046512,+23.0
33.0,2016-03-31,USD,355000000.0,507000000.0,152000000.0,138000000.0,290000000.0,65000000.0,,65000000.0,,145000000.0,,18000000.0,218000000.0,,,6000000.0,60000000.0,27000000.0,,111000000.0,39000000.0,290000000.0,337000000.0,33000000.0,34,2016-04-19,0.6,0.47,0.13,27.6596,post-market,2016Q1,-350.0,+171.0,-354.0,0.0650887573964497,-194.0
34.0,2015-12-31,USD,145000000.0,289000000.0,144000000.0,110000000.0,69000000.0,76000000.0,,76000000.0,,136000000.0,,18000000.0,197000000.0,,,6000000.0,23000000.0,6000000.0,,-81000000.0,12000000.0,69000000.0,129000000.0,17000000.0,35,2016-01-19,0.18,0.26,-0.08,-30.7692,post-market,2015Q4,+800.0,+26.0,+140.0,0.058823529411764705,+90.0
35.0,2015-09-30,USD,218000000.0,375000000.0,157000000.0,135000000.0,156000000.0,62000000.0,,62000000.0,,122000000.0,,16000000.0,254000000.0,,,5000000.0,42000000.0,20000000.0,,-21000000.0,14000000.0,156000000.0,216000000.0,22000000.0,36,2015-10-20,0.23,0.32,-0.09,-28.125,post-market,2015Q3,-277.0,+91.0,+589.0,0.058666666666666666,+260.0
36.0,2015-06-30,USD,258000000.0,405000000.0,147000000.0,135000000.0,193000000.0,65000000.0,,65000000.0,,126000000.0,,18000000.0,224000000.0,,,6000000.0,42000000.0,19000000.0,,27000000.0,27000000.0,193000000.0,238000000.0,23000000.0,37,2015-07-21,0.44,0.37,0.07,18.9189,post-market,2015Q2,+52.0,+26.0,+52.0,0.056790123456790124,+20.0
37.0,2015-03-31,USD,-96000000.0,187000000.0,283000000.0,127000000.0,-159000000.0,63000000.0,,63000000.0,,108000000.0,,15000000.0,211000000.0,139000000.0,,5000000.0,-15000000.0,-2000000.0,,-440000000.0,-14000000.0,-159000000.0,-111000000.0,-13000000.0,38,2015-04-21,-0.24,-0.06,-0.18,-300.0,post-market,2015Q1,-169.0,-49.0,-168.0,-0.06951871657754011,-234.0
38.0,2014-12-31,USD,96303000.0,229000000.0,133706000.0,101824000.0,29047000.0,67256000.0,,67256000.0,,111971000.0,,21800000.0,280607000.0,,,5604000.0,15092000.0,8000000.0,,-113821000.0,2000000.0,29047000.0,74400000.0,7092000.0,39,2015-01-20,0.02,0.06,-0.04,-66.6667,post-market,2014Q4,-78.0,-13.0,+96.0,0.030969432314410482,+125.0
39.0,2014-09-30,USD,63511000.0,196000000.0,131593000.0,126000000.0,8128000.0,55383000.0,,55383000.0,,122371000.0,,24200000.0,56846000.0,,,4624000.0,12191000.0,9000000.0,,-131156000.0,-8000000.0,8128000.0,39500000.0,3191000.0,40,2014-10-21,-0.13,0.03,-0.16,-533.3333,post-market,2014Q3,-133.0,-42.0,-81.0,0.01628061224489796,-66.0
40.0,2014-06-30,USD,186151000.0,321000000.0,135090000.0,117000000.0,126377000.0,59774000.0,,59774000.0,,95027000.0,,11900000.0,208371000.0,,,4555000.0,28161000.0,13000000.0,,-22164000.0,17000000.0,126377000.0,174200000.0,15161000.0,41,2014-07-15,0.29,0.29,0.0,0.0,pre-market,2014Q2,+107.0,+8.0,+46.0,0.04723052959501558,+35.0
41.0,2014-03-31,USD,232430000.0,369000000.0,136764000.0,122000000.0,172942000.0,59488000.0,,59488000.0,,85883000.0,,14300000.0,136641000.0,,,4896000.0,36089000.0,17000000.0,,19228000.0,19000000.0,172942000.0,218100000.0,19089000.0,42,2014-04-15,0.35,0.3,0.05,16.6667,pre-market,2014Q1,+483.0,+61.0,+191.0,0.05173170731707317,+81.0
42.0,2013-12-31,USD,51831000.0,263082000.0,211111000.0,118894000.0,-24069000.0,75900000.0,,76600000.0,,78395000.0,,13000000.0,124155000.0,,,5330000.0,5382000.0,1761000.0,,-237626000.0,4334000.0,-24069000.0,38800000.0,3621000.0,43,2014-01-21,0.09,0.19,-0.1,-52.6316,pre-market,2013Q4,-55.0,+1.0,-65.0,0.01376376947111547,-65.0
43.0,2013-09-30,USD,208573000.0,338443000.0,129870000.0,112449000.0,158206000.0,50367000.0,,50367000.0,,74000000.0,,12200000.0,120331000.0,,,4475000.0,26861000.0,10414000.0,,17922000.0,20077000.0,158206000.0,196400000.0,16447000.0,44,2013-10-15,0.39,0.34,0.05,14.7059,pre-market,2013Q3,+30.0,+2.0,+32.0,0.0485960708302432,+30.0
44.0,2013-06-30,USD,147500000.0,297530000.0,150030000.0,136319000.0,83779000.0,63721000.0,,63721000.0,,76070000.0,,13600000.0,138092000.0,,,4470000.0,24268000.0,13890000.0,,-80141000.0,6774000.0,83779000.0,133900000.0,10378000.0,45,2013-07-16,0.14,0.21,-0.07,-33.3333,pre-market,2013Q2,+56.0,+7.0,+30.0,0.03488051625046214,+21.0
45.0,2013-03-31,USD,95094000.0,228945000.0,133851000.0,118729000.0,43323000.0,51771000.0,,51771000.0,,70502000.0,,12900000.0,119538000.0,,,4969000.0,13492000.0,6935000.0,,-97463000.0,2815000.0,43323000.0,82200000.0,6557000.0,46,2013-04-16,0.06,0.13,-0.07,-53.8462,pre-market,2013Q1,-80.0,-29.0,-41.0,0.028640066391491407,-17.0
46.0,2012-12-31,USD,108671000.0,259586000.0,150915000.0,135300000.0,25022000.0,83649000.0,,84228000.0,,67241000.0,,12500000.0,103074000.0,,,5068000.0,5776000.0,-4444000.0,,-121449000.0,19565000.0,25022000.0,96200000.0,10220000.0,47,2013-01-15,0.2,0.19,0.01,5.2632,pre-market,2012Q4,-26.0,-21.0,-25.0,0.03937038206991132,-5.0
47.0,2012-09-30,USD,186819000.0,332798000.0,145979000.0,57676000.0,123054000.0,63765000.0,,63765000.0,,65410000.0,,14200000.0,100584000.0,,,9000000.0,27235000.0,14747000.0,,-37672000.0,14382000.0,123054000.0,195800000.0,12488000.0,48,2012-10-16,0.3,0.35,-0.05,-14.2857,pre-market,2012Q3,-17.0,-19.0,-44.0,0.0375242639679325,-32.0
48.0,2012-06-30,USD,124640000.0,277021000.0,152381000.0,59801000.0,59353000.0,65287000.0,,65287000.0,,68621000.0,,16100000.0,108071000.0,,,10000000.0,18961000.0,10977000.0,,-104005000.0,4278000.0,59353000.0,134600000.0,7984000.0,49,2012-07-17,0.09,0.18,-0.09,-50.0,pre-market,2012Q2,-71.0,-14.0,-16.0,0.028820919713667917,-3.0
49.0,2012-03-31,USD,168820000.0,323065000.0,154245000.0,62725000.0,100421000.0,68399000.0,,68399000.0,,66576000.0,,19200000.0,100885000.0,,,9900000.0,19818000.0,8734000.0,,-62558000.0,13710000.0,100421000.0,178800000.0,11084000.0,50,2012-04-19,0.3,0.33,-0.03,-9.0909,pre-market,2012Q1,-27.0,-16.0,-32.0,0.0343088852088589,-19.0
50.0,2011-12-31,USD,177169000.0,328693000.0,151524000.0,216300.0,103548000.0,73621000.0,,75825000.0,,66229000.0,,20735000.0,109916000.0,,,5071000.0,20943000.0,7391000.0,,-59606000.0,12202000.0,103548000.0,182727000.0,13552000.0,51,2012-01-19,0.27,0.24,0.03,12.5,pre-market,2011Q4,+80.0,+61.0,-148.0,0.0412299623052514,-130.0
51.0,2011-09-30,USD,241094000.0,408863000.0,167769000.0,56157000.0,179201000.0,61893000.0,,61893000.0,,73694000.0,,23300000.0,130665000.0,,,9000000.0,37764000.0,15270000.0,,-3838000.0,16089000.0,179201000.0,250100000.0,22494000.0,52,2011-10-20,0.36,0.22,0.14,63.6364,pre-market,2011Q3,+38.0,+30.0,+104.0,0.05501598334894574,+57.0
52.0,2011-06-30,USD,173581000.0,321377000.0,147796000.0,52600.0,114265000.0,59316000.0,,59316000.0,,79400000.0,,24500000.0,106432000.0,,,9100000.0,22057000.0,12496000.0,,-46027000.0,13398000.0,114265000.0,182700000.0,9561000.0,53,2011-07-21,0.31,0.3,0.01,3.3333,pre-market,2011Q2,+244.0,+32.0,+149.0,0.029750106572654547,+89.0
53.0,2011-03-31,USD,239719000.0,385635000.0,145916000.0,52400.0,181912000.0,57807000.0,,57807000.0,,58663000.0,,17700000.0,109199000.0,,,9200000.0,34983000.0,18732000.0,,17264000.0,17519000.0,181912000.0,248900000.0,16251000.0,54,2011-04-21,0.41,0.27,0.14,51.8519,pre-market,2011Q1,+356.0,+71.0,+318.0,0.042140884515150336,+144.0
54.0,2010-12-31,USD,59286000.0,203640000.0,144354000.0,200200.0,2850000.0,56436000.0,,56436000.0,,52537000.0,,17376000.0,97369000.0,,,5167000.0,6229000.0,34546000.0,,-176182000.0,-24070000.0,2850000.0,69073000.0,-28317000.0,55,2011-01-20,0.15,0.16,-0.01,-6.25,pre-market,2010Q4,+150.0,-6.0,-1560.0,-0.13905421331761933,-1647.0
55.0,2010-09-30,USD,177879000.0,315097000.0,137218000.0,49600.0,122432000.0,55447000.0,,55447000.0,,42350000.0,,16000000.0,90144000.0,,,9100000.0,24237000.0,13201000.0,,-27987000.0,22067000.0,122432000.0,187000000.0,11036000.0,56,2010-10-21,0.26,0.19,0.07,36.8421,pre-market,2010Q3,+30.0,+10.0,+31.0,0.035024135424964374,+19.0
56.0,2010-06-30,USD,89790000.0,243850000.0,154060000.0,49578000.0,33890000.0,55900000.0,,55900000.0,,40968000.0,,17800000.0,107519000.0,,,9200000.0,11148000.0,7308000.0,,-127478000.0,181000.0,33890000.0,99100000.0,3840000.0,57,2010-07-22,0.09,0.21,-0.12,-57.1429,pre-market,2010Q2,-71.0,-31.0,-70.0,0.015747385687922902,-56.0
57.0,2010-03-31,USD,160142000.0,225730000.0,50458000.0,50458000.0,164367000.0,136500000.0,,10905000.0,,,,15100000.0,,,,9200000.0,9117000.0,5226000.0,,,,80000000.0,89200000.0,3891000.0,58,2010-04-22,0.09,0.19,-0.1,-52.6316,pre-market,2010Q1,-70.0,+nan,+nan,0.01723740752226111,+nan
58.0,2009-12-31,USD,200290200.0,215701000.0,118800.0,118800.0,1864100.0,137409000.0,,378057300.0,,,,15292000.0,,,,5756000.0,5886000.0,3947000.0,,,,72536000.0,78292000.0,1939000.0,59,2010-01-21,0.06,0.22,-0.16,-72.7273,pre-market,2009Q4,-88.0,+nan,+nan,0.008989295367198112,+nan
59.0,2009-09-30,USD,271457000.0,286665000.0,43000.0,43000.0,233800.0,128400000.0,,9800.0,,,,15100000.0,,,,10000000.0,21578000.0,13168000.0,,,,148200000.0,158200000.0,8410000.0,60,2009-10-22,0.2,0.31,-0.11,-35.4839,pre-market,2009Q3,-69.0,+nan,+nan,0.02933737986848761,+nan
60.0,2009-06-30,USD,332057500.0,354882000.0,42500.0,42500.0,301200.0,130000000.0,,11200.0,,,,22800000.0,,,,9900000.0,38009000.0,25191000.0,,,,215000000.0,224900000.0,12818000.0,61,2009-07-23,0.31,0.3,0.01,3.3333,pre-market,2009Q2,-30.0,+nan,+nan,0.03611904802159591,+nan
,2009-03-31,,,,,,,,,,,,,,,,,,,,,,,,,,62,2009-04-23,0.3,0.46,-0.16,-34.7826,pre-market,2009Q1,-55.0,+nan,+nan,,+nan
,2008-12-31,,,,,,,,,,,,,,,,,,,,,,,,,,63,2009-01-22,0.49,0.53,-0.04,-7.5472,pre-market,2008Q4,+7.0,+nan,+nan,,+nan
,2008-09-30,,,,,,,,,,,,,,,,,,,,,,,,,,64,2008-10-23,0.65,0.61,0.04,6.5574,pre-market,2008Q3,+23.0,+nan,+nan,,+nan
,2008-06-30,,,,,,,,,,,,,,,,,,,,,,,,,,65,2008-07-24,0.44,0.5,-0.06,-12.0,pre-market,2008Q2,+33.0,+nan,+nan,,+nan
,2008-03-31,,,,,,,,,,,,,,,,,,,,,,,,,,66,2008-04-24,0.66,0.5,0.16,32.0,pre-market,2008Q1,-86.0,+nan,+nan,,+nan
,2007-12-31,,,,,,,,,,,,,,,,,,,,,,,,,,67,2008-01-24,0.46,0.43,0.03,6.9767,pre-market,2007Q4,+nan,+nan,+nan,,+nan
,2007-09-30,,,,,,,,,,,,,,,,,,,,,,,,,,68,2007-10-25,0.53,0.34,0.19,55.8824,pre-market,2007Q3,+nan,+nan,+nan,,+nan
,2007-06-30,,,,,,,,,,,,,,,,,,,,,,,,,,69,2007-07-26,0.33,0.33,0.0,0.0,pre-market,2007Q2,+nan,+nan,+nan,,+nan
,2007-03-31,,,,,,,,,,,,,,,,,,,,,,,,,,70,2007-05-29,4.5834,,,,pre-market,2007Q1,+nan,+nan,+nan,,+nan
